% CAPITOLO 1
@article{computer2004articolo,
  author={{Laue, A.}},
  title={How the {C}omputer {W}orks},
  journal={A companion to digital humanities},
  pages={143--160},
  year={2004},
  publisher={Blackwell Publishing Ltd}
}

@article{dipierro2013articolo,
    author={{Di Pierro, A.}; {Morsch, O.}},
    title={Computer {Q}uantistici},
    journal={Mondo Digitale},
    number={48},
    pages = {1--25},
    year={2013}
}
% No DOI
% http://mondodigitale.aicanet.net/2013-4/articoli/01_Computer_Quantistici.pdf

@article{turing_machine2014articolo,
  author={{Strawn, G.}},
  title={{Alan Turing}}, 
  journal={IT Professional}, 
  volume={16},
  number={1},
  pages={5-7},
  year={2014},
  note={\href{https://doi.org/10.1109/MITP.2014.2}{https://doi.org/10.1109/MITP.2014.2}}
}

@article{church1985articolo,
    author={{Deutsch, D.}},
    title={{Quantum theory, the Church–Turing principle and the universal quantum computer}},
    journal={Proc. R. Soc. Lond.},
	volume={400},
	pages={97--117},
    year={1985},
    publisher={Royal Society},
    note={\href{https://doi.org/10.1098/rspa.1985.0070}{https://doi.org/10.1098/rspa.1985.0070}}
}

@article{turing1936articolo,
  author={{Turing, Alan M.}},
  title={On computable numbers, with an application to the {E}ntscheidungsproblem.},
  journal={J. of Math},
  volume={58},
  number={345-363},
  year={1936}
}
% No DOI
% http://cs.ucf.edu/~dcm/Teaching/COT4810-Spring2011/Literature/Turing.pdf

@article{quantum2001articolo,
    author={{Shu-Shen, L.}; {Gui-Lu, L.}; {Feng-Shan, B.}; {Song-Lin, F.}; {Hou-Zhi, Z.}},
    title={Quantum computing},
    journal={Proceedings of the National Academy of Sciences},
	volume = {98},
	number = {21},
	pages = {11847--11848},
    year={2001},
    note={\href{https://doi.org/10.1073/pnas.191373698}{https://doi.org/10.1073/pnas.191373698}}
}

@article{moore2006articolo,
  author={{Moore, Gordon E.}},
  title={Cramming more components onto integrated circuits, reprinted from {Electronics Magazine}.},
  journal={IEEE Solid-State Circuits Society Newsletter}, 
  volume={11},
  number={3},
  pages={33-35},
  year={2006},
  note={\href{https://doi.org/10.1109/N-SSC.2006.4785860}{https://doi.org/10.1109/N-SSC.2006.4785860}}
}
% https://arxiv.org/ct?url=https%3A%2F%2Fdx.doi.org%2F10.1002%2F1521-3978%2528200009%252948%253A9%2F11%253C771%253A%253AAID-PROP771%253E3.0.CO%253B2-E&v=88c89632

@inproceedings{qnetwork2005articolo,
    author = {{Elliott, C.}; {Colvin, A.}; {Pearson, D.}; {Pikalo, O.}; {Schlafer, J.}; {Yeh, H.}},
    title = {{Current status of the DARPA quantum network}},
    booktitle = {Quantum Information and Computation III},
    volume = {5815},
    pages = {138 -- 149},
    year = {2005},
    publisher = {SPIE},
    note={\href{https://doi.org/10.1117/12.606489}{https://doi.org/10.1117/12.606489}}
}

% CAPITOLO 2
@article{hofmann2003articolo,
    author={{Hofmann, E.}},
    title={Dal computer classico a quello quantistico: realizzabilità e potenziali applicazioni},
    journal={Mondo Digitale},
    volume={2},
    number={4},
    pages = {63--75},
    year={2003}
}
% No DOI
% http://archivio-mondodigitale.aicanet.net/Rivista/04_numero_uno/Hofmann_p._63-75.pdf

@article{wootters1982articolo,
    author={{Wootters, M.}; {Zurek, M.}},
    title={A single quantum cannot be cloned},
    journal={Nature},
    volume={299},
    year={1982},
    note={\href{https://doi.org/10.1038/299802a0}{https://doi.org/10.1038/299802a0}}
}

@article{preskill2018articolo,
   author={{Preskill, J.}},
   title = {Quantum {C}omputing in the {NISQ} era and beyond},
   journal={{Quantum}},
   volume={2},
   year={2018},
   note={\href{https://doi.org/10.22331/q-2018-08-06-79}{https://doi.org/10.22331/q-2018-08-06-79}}
}

@article{assembly2017articolo,
   author={{Cross, Andrew W.}; {Bishop, Lev S.}; {Smolin, John A.}; {Gambetta, Jay M.}},
   title = {Open {Q}uantum {A}ssembly {L}anguage},
   journal={arXiv preprint},
   year={2017},
   note={\href{https://arxiv.org/abs/1707.03429}{https://arxiv.org/abs/1707.03429}}
}

@book{algebra2015book,
    author={{Fioresi, R.}; {Morigi, M.}},
    title={Introduzione all'algebra lineare},
    year={2015},
    publisher={CEA}
}
% No DOI
% https://bit.ly/31ka4dK

@book{cambridge2010book,
    author={{Nielsen, Michael A.}; {Chuang, Isaac L.}},
    title={Quantum {C}omputation and {Q}uantum {I}nformation},
    year={2010},
    publisher={Cambridge University Press},
    note={\href{https://doi.org/10.1017/CBO9780511976667}{https://doi.org/10.1017/CBO9780511976667}}
}

@article{zhao2020articolo, 
    author={{Jianjun, Z.}},
    title={Quantum {S}oftware {E}ngineering: {L}andscapes and {H}orizons},
    journal={arXiv preprint},
    year={2020},
    note={\href{https://arxiv.org/abs/2007.07047}{https://arxiv.org/abs/2007.07047}}
}

@article{larose2019articolo,
   author={{LaRose, R.}},
   title={Overview and {C}omparison of {G}ate {L}evel {Q}uantum {S}oftware {P}latforms},
   journal={Quantum},
   volume={3},
   year={2019},
   note={\href{https://doi.org/10.22331/q-2019-03-25-130}{https://doi.org/10.22331/q-2019-03-25-130}}
}

@article{algorithm2018articolo,
   author={{Abhijith, J.}; {Adedoyin, A.}; {Ambrosiano, J.}; {Anisimov, P.}; {Bärtschi, A.}; {Casper, W.}; {Chennupati, G.}; {Coffrin, C.}; {Djidjev, H.}; {Gunter, D.}; {Karra, S.}; {Lemons, N.}; {Lin, S.}; {Malyzhenkov, A.}; {Mascarenas, D.}; {Mniszewski, S.}; {Nadiga, B.}; {O'Malley, D.}; {Oyen, D.}; {Pakin, S.}; {Prasad, L.}; {Roberts, R.}; {Romero, P.}; {Santhi, N.}; {Sinitsyn, N.}; {Swart, Pieter J.}; {Wendelberger, James G.}; {Yoon, B.}; {Zamora, R.}; {Zhu, W.}; {Eidenbenz, S.}; {Coles, Patrick J.}; {Vuffray, M.}; {Lokhov, Andrey Y.}},
   title={Quantum {A}lgorithm {I}mplementations for {B}eginners},
   journal={arXiv preprint},
   year={2020},
   note={\href{https://arxiv.org/abs/1804.03719}{https://arxiv.org/abs/1804.03719}}
}

@article{sakai2018equazione,
   author={{Sakai, E.}},
   title={On the principles of quantum mechanics},
   journal={arXiv preprint},
   year={2018},
   note={\href{https://arxiv.org/abs/quant-ph/0405069}{https://arxiv.org/abs/quant-ph/0405069}}
}


% CAPITOLO 3
@article{chimica_quantistica,
   author={{Cao, Y.}; {Romero, J.}; {Olson, Jonathan P.}; {Degroote, M.}; {Johnson, Peter D.}; {Kieferová, M.}; {Kivlichan, Ian D.}; {Menke, T.}; {Peropadre, B.}; {Sawaya, Nicolas P. D.}; {Sim, S.}; {Veis, L.}; {Aspuru-Guzik, A.}},
   title={Quantum {C}hemistry in the {A}ge of {Q}uantum {C}omputing},
   journal={Chemical Reviews},
   volume={119},
   number={19},
   year={2019},
   note={\href{https://doi.org/10.1021/acs.chemrev.8b00803}{https://doi.org/10.1021/acs.chemrev.8b00803}}
}

@article{qiskit2018articolo,
   author={{McKay, David C.}; {Alexander, T.}; {Bello, L.}; {Biercuk, Michael J.}; {Bishop, L.}; {Chen, J.}; {Chow, Jerry M.}; {Córcoles, Antonio D.}; {Egger, D.}; {Filipp, S.}; {Gomez, J.}; {Hush, M.}; {Javadi-Abhari, A.}; {Moreda, D.}; {Nation, P.}; {Paulovicks, B.}; {Winston, E.}; {Wood, Christopher J.}; {Wootton, J.}; {Gambetta, Jay M.}},
   title={Qiskit {B}ackend {S}pecifications for {OpenQASM} and {OpenPulse Experiments}},
   journal={arXiv preprint},
   year={2018},
   note={\href{https://arxiv.org/abs/1809.03452}{https://arxiv.org/abs/1809.03452}}
}